%YAML 1.1
%TAG !u! tag:unity3d.com,2011:
--- !u!1 &3382561543506191578
GameObject:
  m_ObjectHideFlags: 0
  m_CorrespondingSourceObject: {fileID: 0}
  m_PrefabInstance: {fileID: 0}
  m_PrefabAsset: {fileID: 0}
  serializedVersion: 6
  m_Component:
  - component: {fileID: 9764301565735475}
  m_Layer: 0
  m_Name: citizenEntrance
  m_TagString: Untagged
  m_Icon: {fileID: 0}
  m_NavMeshLayer: 0
  m_StaticEditorFlags: 4294967295
  m_IsActive: 1
--- !u!4 &9764301565735475
Transform:
  m_ObjectHideFlags: 0
  m_CorrespondingSourceObject: {fileID: 0}
  m_PrefabInstance: {fileID: 0}
  m_PrefabAsset: {fileID: 0}
  m_GameObject: {fileID: 3382561543506191578}
  m_LocalRotation: {x: -0, y: -0, z: -0, w: 1}
  m_LocalPosition: {x: 0.65, y: 0, z: -0.14}
  m_LocalScale: {x: 1, y: 1, z: 1}
  m_Children: []
  m_Father: {fileID: 8976922601015535827}
  m_RootOrder: 0
  m_LocalEulerAnglesHint: {x: 0, y: 0, z: 0}
--- !u!1 &3788786024069132792
GameObject:
  m_ObjectHideFlags: 0
  m_CorrespondingSourceObject: {fileID: 0}
  m_PrefabInstance: {fileID: 0}
  m_PrefabAsset: {fileID: 0}
  serializedVersion: 6
  m_Component:
  - component: {fileID: 8976922601015535827}
  m_Layer: 0
  m_Name: entrances
  m_TagString: Untagged
  m_Icon: {fileID: 0}
  m_NavMeshLayer: 0
  m_StaticEditorFlags: 4294967295
  m_IsActive: 1
--- !u!4 &8976922601015535827
Transform:
  m_ObjectHideFlags: 0
  m_CorrespondingSourceObject: {fileID: 0}
  m_PrefabInstance: {fileID: 0}
  m_PrefabAsset: {fileID: 0}
  m_GameObject: {fileID: 3788786024069132792}
  m_LocalRotation: {x: -0, y: -0, z: -0, w: 1}
  m_LocalPosition: {x: 0, y: 0, z: 0}
  m_LocalScale: {x: 1, y: 1, z: 1}
  m_Children:
  - {fileID: 9764301565735475}
  - {fileID: 6611702583682732697}
  m_Father: {fileID: 1903189428897995959}
  m_RootOrder: 3
  m_LocalEulerAnglesHint: {x: 0, y: 0, z: 0}
--- !u!1 &4194490740051727154
GameObject:
  m_ObjectHideFlags: 0
  m_CorrespondingSourceObject: {fileID: 0}
  m_PrefabInstance: {fileID: 0}
  m_PrefabAsset: {fileID: 0}
  serializedVersion: 6
  m_Component:
  - component: {fileID: 6611702583682732697}
  m_Layer: 0
  m_Name: vehicleEntrance
  m_TagString: Untagged
  m_Icon: {fileID: 0}
  m_NavMeshLayer: 0
  m_StaticEditorFlags: 4294967295
  m_IsActive: 1
--- !u!4 &6611702583682732697
Transform:
  m_ObjectHideFlags: 0
  m_CorrespondingSourceObject: {fileID: 0}
  m_PrefabInstance: {fileID: 0}
  m_PrefabAsset: {fileID: 0}
  m_GameObject: {fileID: 4194490740051727154}
  m_LocalRotation: {x: -0, y: -0, z: -0, w: 1}
  m_LocalPosition: {x: 0.25, y: 0, z: -0.42}
  m_LocalScale: {x: 1, y: 1, z: 1}
  m_Children: []
  m_Father: {fileID: 8976922601015535827}
  m_RootOrder: 1
  m_LocalEulerAnglesHint: {x: 0, y: 0, z: 0}
--- !u!1 &6107947509548861985
GameObject:
  m_ObjectHideFlags: 0
  m_CorrespondingSourceObject: {fileID: 0}
  m_PrefabInstance: {fileID: 0}
  m_PrefabAsset: {fileID: 0}
  serializedVersion: 6
  m_Component:
  - component: {fileID: 1903189428897995959}
  - component: {fileID: 296464768028682248}
  m_Layer: 0
  m_Name: building_house10_south
  m_TagString: Untagged
  m_Icon: {fileID: 0}
  m_NavMeshLayer: 0
  m_StaticEditorFlags: 4294967295
  m_IsActive: 1
--- !u!4 &1903189428897995959
Transform:
  m_ObjectHideFlags: 0
  m_CorrespondingSourceObject: {fileID: 0}
  m_PrefabInstance: {fileID: 0}
  m_PrefabAsset: {fileID: 0}
  m_GameObject: {fileID: 6107947509548861985}
  m_LocalRotation: {x: -0, y: -0, z: -0, w: 1}
  m_LocalPosition: {x: 0, y: 0, z: 0}
  m_LocalScale: {x: 1, y: 1, z: 1}
  m_Children:
  - {fileID: 5649810825199235209}
  - {fileID: 9168782452750746298}
  - {fileID: 3930123308543201514}
  - {fileID: 8976922601015535827}
  m_Father: {fileID: 0}
  m_RootOrder: 0
  m_LocalEulerAnglesHint: {x: 0, y: 0, z: 0}
--- !u!114 &296464768028682248
MonoBehaviour:
  m_ObjectHideFlags: 0
  m_CorrespondingSourceObject: {fileID: 0}
  m_PrefabInstance: {fileID: 0}
  m_PrefabAsset: {fileID: 0}
  m_GameObject: {fileID: 6107947509548861985}
  m_Enabled: 1
  m_EditorHideFlags: 0
  m_Script: {fileID: 11500000, guid: 7e7de66a74700024db828b2950cfc944, type: 3}
  m_Name: 
  m_EditorClassIdentifier: 
  sizeX: 2
  sizeY: 3
  groundDependentHolder: {fileID: 8187094498897182540}
  optionalDecorationsSets:
  - {fileID: 2455730843520530650}
  - {fileID: 7937843355225225539}
  citizenEntrance: {fileID: 9764301565735475}
  vehicleEntrance: {fileID: 6611702583682732697}
  citizensAmount: 5
--- !u!1 &6614595837879828048
GameObject:
  m_ObjectHideFlags: 0
  m_CorrespondingSourceObject: {fileID: 0}
  m_PrefabInstance: {fileID: 0}
  m_PrefabAsset: {fileID: 0}
  serializedVersion: 6
  m_Component:
  - component: {fileID: 4062885153814253429}
  - component: {fileID: 2455730843520530650}
  m_Layer: 0
  m_Name: addons_fencescollection
  m_TagString: Untagged
  m_Icon: {fileID: 0}
  m_NavMeshLayer: 0
  m_StaticEditorFlags: 4294967295
  m_IsActive: 1
--- !u!4 &4062885153814253429
Transform:
  m_ObjectHideFlags: 0
  m_CorrespondingSourceObject: {fileID: 0}
  m_PrefabInstance: {fileID: 0}
  m_PrefabAsset: {fileID: 0}
  m_GameObject: {fileID: 6614595837879828048}
  m_LocalRotation: {x: -0, y: -0, z: -0, w: 1}
  m_LocalPosition: {x: 0, y: 0, z: 0}
  m_LocalScale: {x: 1, y: 1, z: 1}
  m_Children:
  - {fileID: 454218687016617672}
  - {fileID: 6654850360445923414}
  m_Father: {fileID: 3930123308543201514}
  m_RootOrder: 0
  m_LocalEulerAnglesHint: {x: 0, y: 0, z: 0}
--- !u!114 &2455730843520530650
MonoBehaviour:
  m_ObjectHideFlags: 0
  m_CorrespondingSourceObject: {fileID: 0}
  m_PrefabInstance: {fileID: 0}
  m_PrefabAsset: {fileID: 0}
  m_GameObject: {fileID: 6614595837879828048}
  m_Enabled: 1
  m_EditorHideFlags: 0
  m_Script: {fileID: 11500000, guid: df88fe1cc3e69ba4ab4481028315b972, type: 3}
  m_Name: 
  m_EditorClassIdentifier: 
  decorationSet:
  - chanceToShow: 100
    optionalDecorations:
    - {fileID: 5968278909857203194}
    - {fileID: 3931135910449593031}
--- !u!1 &8187094498897182540
GameObject:
  m_ObjectHideFlags: 0
  m_CorrespondingSourceObject: {fileID: 0}
  m_PrefabInstance: {fileID: 0}
  m_PrefabAsset: {fileID: 0}
  serializedVersion: 6
  m_Component:
  - component: {fileID: 9168782452750746298}
  m_Layer: 0
  m_Name: decorations_grounddependent
  m_TagString: Untagged
  m_Icon: {fileID: 0}
  m_NavMeshLayer: 0
  m_StaticEditorFlags: 4294967295
  m_IsActive: 1
--- !u!4 &9168782452750746298
Transform:
  m_ObjectHideFlags: 0
  m_CorrespondingSourceObject: {fileID: 0}
  m_PrefabInstance: {fileID: 0}
  m_PrefabAsset: {fileID: 0}
  m_GameObject: {fileID: 8187094498897182540}
  m_LocalRotation: {x: -0, y: -0, z: -0, w: 1}
  m_LocalPosition: {x: 0, y: 0, z: 0}
  m_LocalScale: {x: 1, y: 1, z: 1}
  m_Children:
  - {fileID: 8873652435752069721}
  - {fileID: 3724104527637447495}
  - {fileID: 3724104528213928301}
  - {fileID: 465285921686027094}
  m_Father: {fileID: 1903189428897995959}
  m_RootOrder: 1
  m_LocalEulerAnglesHint: {x: 0, y: 0, z: 0}
--- !u!1 &8363562878447507326
GameObject:
  m_ObjectHideFlags: 0
  m_CorrespondingSourceObject: {fileID: 0}
  m_PrefabInstance: {fileID: 0}
  m_PrefabAsset: {fileID: 0}
  serializedVersion: 6
  m_Component:
  - component: {fileID: 5649810825199235209}
  - component: {fileID: 722447808426719853}
  - component: {fileID: 3541980602615887426}
  m_Layer: 0
  m_Name: mesh
  m_TagString: Untagged
  m_Icon: {fileID: 0}
  m_NavMeshLayer: 0
  m_StaticEditorFlags: 4294967295
  m_IsActive: 1
--- !u!4 &5649810825199235209
Transform:
  m_ObjectHideFlags: 0
  m_CorrespondingSourceObject: {fileID: 0}
  m_PrefabInstance: {fileID: 0}
  m_PrefabAsset: {fileID: 0}
  m_GameObject: {fileID: 8363562878447507326}
  m_LocalRotation: {x: -0, y: -0, z: -0, w: 1}
  m_LocalPosition: {x: 0.5, y: 0, z: 0.34}
  m_LocalScale: {x: 1, y: 1, z: 1}
  m_Children: []
  m_Father: {fileID: 1903189428897995959}
  m_RootOrder: 0
  m_LocalEulerAnglesHint: {x: 0, y: 0, z: 0}
--- !u!33 &722447808426719853
MeshFilter:
  m_ObjectHideFlags: 0
  m_CorrespondingSourceObject: {fileID: 0}
  m_PrefabInstance: {fileID: 0}
  m_PrefabAsset: {fileID: 0}
  m_GameObject: {fileID: 8363562878447507326}
  m_Mesh: {fileID: -5925272670212219949, guid: 0a36e9b11096ac040b9e37a76d765337, type: 3}
--- !u!23 &3541980602615887426
MeshRenderer:
  m_ObjectHideFlags: 0
  m_CorrespondingSourceObject: {fileID: 0}
  m_PrefabInstance: {fileID: 0}
  m_PrefabAsset: {fileID: 0}
  m_GameObject: {fileID: 8363562878447507326}
  m_Enabled: 1
  m_CastShadows: 1
  m_ReceiveShadows: 1
  m_DynamicOccludee: 1
  m_MotionVectors: 1
  m_LightProbeUsage: 1
  m_ReflectionProbeUsage: 1
  m_RayTracingMode: 2
  m_RayTraceProcedural: 0
  m_RenderingLayerMask: 1
  m_RendererPriority: 0
  m_Materials:
  - {fileID: 2100000, guid: 8d1c0d3681c04c841b3d7bef621e35ee, type: 2}
  m_StaticBatchInfo:
    firstSubMesh: 0
    subMeshCount: 0
  m_StaticBatchRoot: {fileID: 0}
  m_ProbeAnchor: {fileID: 0}
  m_LightProbeVolumeOverride: {fileID: 0}
  m_ScaleInLightmap: 1
  m_ReceiveGI: 1
  m_PreserveUVs: 0
  m_IgnoreNormalsForChartDetection: 0
  m_ImportantGI: 0
  m_StitchLightmapSeams: 1
  m_SelectedEditorRenderState: 3
  m_MinimumChartSize: 4
  m_AutoUVMaxDistance: 0.5
  m_AutoUVMaxAngle: 89
  m_LightmapParameters: {fileID: 0}
  m_SortingLayerID: 0
  m_SortingLayer: 0
  m_SortingOrder: 0
  m_AdditionalVertexStreams: {fileID: 0}
--- !u!1 &9020521647261854739
GameObject:
  m_ObjectHideFlags: 0
  m_CorrespondingSourceObject: {fileID: 0}
  m_PrefabInstance: {fileID: 0}
  m_PrefabAsset: {fileID: 0}
  serializedVersion: 6
  m_Component:
  - component: {fileID: 3930123308543201514}
  m_Layer: 0
  m_Name: decorations_random
  m_TagString: Untagged
  m_Icon: {fileID: 0}
  m_NavMeshLayer: 0
  m_StaticEditorFlags: 4294967295
  m_IsActive: 1
--- !u!4 &3930123308543201514
Transform:
  m_ObjectHideFlags: 0
  m_CorrespondingSourceObject: {fileID: 0}
  m_PrefabInstance: {fileID: 0}
  m_PrefabAsset: {fileID: 0}
  m_GameObject: {fileID: 9020521647261854739}
  m_LocalRotation: {x: -0, y: -0, z: -0, w: 1}
  m_LocalPosition: {x: 0, y: 0, z: 0}
  m_LocalScale: {x: 1, y: 1, z: 1}
  m_Children:
  - {fileID: 4062885153814253429}
  - {fileID: 5654962001476676266}
  m_Father: {fileID: 1903189428897995959}
  m_RootOrder: 2
  m_LocalEulerAnglesHint: {x: 0, y: 0, z: 0}
--- !u!1001 &208885127781230520
PrefabInstance:
  m_ObjectHideFlags: 0
  serializedVersion: 2
  m_Modification:
    m_TransformParent: {fileID: 9168782452750746298}
    m_Modifications:
    - target: {fileID: 6564126544363792684, guid: 12969565a63972c4b88bf7b808b4ff36, type: 3}
      propertyPath: m_Name
      value: addons_pathtileslong
      objectReference: {fileID: 0}
    - target: {fileID: 8774014875648855521, guid: 12969565a63972c4b88bf7b808b4ff36, type: 3}
      propertyPath: m_RootOrder
      value: 0
      objectReference: {fileID: 0}
    - target: {fileID: 8774014875648855521, guid: 12969565a63972c4b88bf7b808b4ff36, type: 3}
      propertyPath: m_LocalPosition.x
      value: 0.654
      objectReference: {fileID: 0}
    - target: {fileID: 8774014875648855521, guid: 12969565a63972c4b88bf7b808b4ff36, type: 3}
      propertyPath: m_LocalPosition.y
      value: -0.001
      objectReference: {fileID: 0}
    - target: {fileID: 8774014875648855521, guid: 12969565a63972c4b88bf7b808b4ff36, type: 3}
      propertyPath: m_LocalPosition.z
      value: -0.09700012
      objectReference: {fileID: 0}
    - target: {fileID: 8774014875648855521, guid: 12969565a63972c4b88bf7b808b4ff36, type: 3}
      propertyPath: m_LocalRotation.w
      value: 1
      objectReference: {fileID: 0}
    - target: {fileID: 8774014875648855521, guid: 12969565a63972c4b88bf7b808b4ff36, type: 3}
      propertyPath: m_LocalRotation.x
      value: -0
      objectReference: {fileID: 0}
    - target: {fileID: 8774014875648855521, guid: 12969565a63972c4b88bf7b808b4ff36, type: 3}
      propertyPath: m_LocalRotation.y
      value: -0
      objectReference: {fileID: 0}
    - target: {fileID: 8774014875648855521, guid: 12969565a63972c4b88bf7b808b4ff36, type: 3}
      propertyPath: m_LocalRotation.z
      value: -0
      objectReference: {fileID: 0}
    - target: {fileID: 8774014875648855521, guid: 12969565a63972c4b88bf7b808b4ff36, type: 3}
      propertyPath: m_LocalEulerAnglesHint.x
      value: 0
      objectReference: {fileID: 0}
    - target: {fileID: 8774014875648855521, guid: 12969565a63972c4b88bf7b808b4ff36, type: 3}
      propertyPath: m_LocalEulerAnglesHint.y
      value: 0
      objectReference: {fileID: 0}
    - target: {fileID: 8774014875648855521, guid: 12969565a63972c4b88bf7b808b4ff36, type: 3}
      propertyPath: m_LocalEulerAnglesHint.z
      value: 0
      objectReference: {fileID: 0}
    m_RemovedComponents: []
  m_SourcePrefab: {fileID: 100100000, guid: 12969565a63972c4b88bf7b808b4ff36, type: 3}
--- !u!4 &8873652435752069721 stripped
Transform:
  m_CorrespondingSourceObject: {fileID: 8774014875648855521, guid: 12969565a63972c4b88bf7b808b4ff36, type: 3}
  m_PrefabInstance: {fileID: 208885127781230520}
  m_PrefabAsset: {fileID: 0}
--- !u!1001 &2753447129376143246
PrefabInstance:
  m_ObjectHideFlags: 0
  serializedVersion: 2
  m_Modification:
    m_TransformParent: {fileID: 9168782452750746298}
    m_Modifications:
    - target: {fileID: 2324757391400062168, guid: 827a0114ab9558046bd58e4b0afa1527, type: 3}
      propertyPath: m_RootOrder
      value: 3
      objectReference: {fileID: 0}
    - target: {fileID: 2324757391400062168, guid: 827a0114ab9558046bd58e4b0afa1527, type: 3}
      propertyPath: m_LocalPosition.x
      value: 0.654
      objectReference: {fileID: 0}
    - target: {fileID: 2324757391400062168, guid: 827a0114ab9558046bd58e4b0afa1527, type: 3}
      propertyPath: m_LocalPosition.y
      value: -0.001
      objectReference: {fileID: 0}
    - target: {fileID: 2324757391400062168, guid: 827a0114ab9558046bd58e4b0afa1527, type: 3}
      propertyPath: m_LocalPosition.z
      value: -0.3970003
      objectReference: {fileID: 0}
    - target: {fileID: 2324757391400062168, guid: 827a0114ab9558046bd58e4b0afa1527, type: 3}
      propertyPath: m_LocalRotation.w
      value: 1
      objectReference: {fileID: 0}
    - target: {fileID: 2324757391400062168, guid: 827a0114ab9558046bd58e4b0afa1527, type: 3}
      propertyPath: m_LocalRotation.x
      value: -0
      objectReference: {fileID: 0}
    - target: {fileID: 2324757391400062168, guid: 827a0114ab9558046bd58e4b0afa1527, type: 3}
      propertyPath: m_LocalRotation.y
      value: -0
      objectReference: {fileID: 0}
    - target: {fileID: 2324757391400062168, guid: 827a0114ab9558046bd58e4b0afa1527, type: 3}
      propertyPath: m_LocalRotation.z
      value: -0
      objectReference: {fileID: 0}
    - target: {fileID: 2324757391400062168, guid: 827a0114ab9558046bd58e4b0afa1527, type: 3}
      propertyPath: m_LocalEulerAnglesHint.x
      value: 0
      objectReference: {fileID: 0}
    - target: {fileID: 2324757391400062168, guid: 827a0114ab9558046bd58e4b0afa1527, type: 3}
      propertyPath: m_LocalEulerAnglesHint.y
      value: 0
      objectReference: {fileID: 0}
    - target: {fileID: 2324757391400062168, guid: 827a0114ab9558046bd58e4b0afa1527, type: 3}
      propertyPath: m_LocalEulerAnglesHint.z
      value: 0
      objectReference: {fileID: 0}
    - target: {fileID: 8801577291930222214, guid: 827a0114ab9558046bd58e4b0afa1527, type: 3}
      propertyPath: m_Name
      value: addons_pathtilesshort
      objectReference: {fileID: 0}
    m_RemovedComponents: []
  m_SourcePrefab: {fileID: 100100000, guid: 827a0114ab9558046bd58e4b0afa1527, type: 3}
--- !u!4 &465285921686027094 stripped
Transform:
  m_CorrespondingSourceObject: {fileID: 2324757391400062168, guid: 827a0114ab9558046bd58e4b0afa1527, type: 3}
  m_PrefabInstance: {fileID: 2753447129376143246}
  m_PrefabAsset: {fileID: 0}
--- !u!1001 &4873880005086363248
PrefabInstance:
  m_ObjectHideFlags: 0
  serializedVersion: 2
  m_Modification:
    m_TransformParent: {fileID: 9168782452750746298}
    m_Modifications:
    - target: {fileID: 398096460243751448, guid: 51879217cae756047ab293fa736febc2, type: 3}
      propertyPath: m_Name
      value: addons_drivewayshort
      objectReference: {fileID: 0}
    - target: {fileID: 8074159584325949213, guid: 51879217cae756047ab293fa736febc2, type: 3}
      propertyPath: m_RootOrder
      value: 2
      objectReference: {fileID: 0}
    - target: {fileID: 8074159584325949213, guid: 51879217cae756047ab293fa736febc2, type: 3}
      propertyPath: m_LocalPosition.x
      value: 0.251
      objectReference: {fileID: 0}
    - target: {fileID: 8074159584325949213, guid: 51879217cae756047ab293fa736febc2, type: 3}
      propertyPath: m_LocalPosition.y
      value: 0
      objectReference: {fileID: 0}
    - target: {fileID: 8074159584325949213, guid: 51879217cae756047ab293fa736febc2, type: 3}
      propertyPath: m_LocalPosition.z
      value: -0.4
      objectReference: {fileID: 0}
    - target: {fileID: 8074159584325949213, guid: 51879217cae756047ab293fa736febc2, type: 3}
      propertyPath: m_LocalRotation.w
      value: 1
      objectReference: {fileID: 0}
    - target: {fileID: 8074159584325949213, guid: 51879217cae756047ab293fa736febc2, type: 3}
      propertyPath: m_LocalRotation.x
      value: -0
      objectReference: {fileID: 0}
    - target: {fileID: 8074159584325949213, guid: 51879217cae756047ab293fa736febc2, type: 3}
      propertyPath: m_LocalRotation.y
      value: -0
      objectReference: {fileID: 0}
    - target: {fileID: 8074159584325949213, guid: 51879217cae756047ab293fa736febc2, type: 3}
      propertyPath: m_LocalRotation.z
      value: -0
      objectReference: {fileID: 0}
    - target: {fileID: 8074159584325949213, guid: 51879217cae756047ab293fa736febc2, type: 3}
      propertyPath: m_LocalEulerAnglesHint.x
      value: 0
      objectReference: {fileID: 0}
    - target: {fileID: 8074159584325949213, guid: 51879217cae756047ab293fa736febc2, type: 3}
      propertyPath: m_LocalEulerAnglesHint.y
      value: 0
      objectReference: {fileID: 0}
    - target: {fileID: 8074159584325949213, guid: 51879217cae756047ab293fa736febc2, type: 3}
      propertyPath: m_LocalEulerAnglesHint.z
      value: 0
      objectReference: {fileID: 0}
    m_RemovedComponents: []
  m_SourcePrefab: {fileID: 100100000, guid: 51879217cae756047ab293fa736febc2, type: 3}
--- !u!4 &3724104528213928301 stripped
Transform:
  m_CorrespondingSourceObject: {fileID: 8074159584325949213, guid: 51879217cae756047ab293fa736febc2, type: 3}
  m_PrefabInstance: {fileID: 4873880005086363248}
  m_PrefabAsset: {fileID: 0}
--- !u!1001 &4873880005669639258
PrefabInstance:
  m_ObjectHideFlags: 0
  serializedVersion: 2
  m_Modification:
    m_TransformParent: {fileID: 9168782452750746298}
    m_Modifications:
    - target: {fileID: 398096460243751448, guid: 51879217cae756047ab293fa736febc2, type: 3}
      propertyPath: m_Name
      value: addons_drivewayshort
      objectReference: {fileID: 0}
    - target: {fileID: 8074159584325949213, guid: 51879217cae756047ab293fa736febc2, type: 3}
      propertyPath: m_RootOrder
      value: 1
      objectReference: {fileID: 0}
    - target: {fileID: 8074159584325949213, guid: 51879217cae756047ab293fa736febc2, type: 3}
      propertyPath: m_LocalPosition.x
      value: -0.15
      objectReference: {fileID: 0}
    - target: {fileID: 8074159584325949213, guid: 51879217cae756047ab293fa736febc2, type: 3}
      propertyPath: m_LocalPosition.y
      value: 0
      objectReference: {fileID: 0}
    - target: {fileID: 8074159584325949213, guid: 51879217cae756047ab293fa736febc2, type: 3}
      propertyPath: m_LocalPosition.z
      value: -0.4
      objectReference: {fileID: 0}
    - target: {fileID: 8074159584325949213, guid: 51879217cae756047ab293fa736febc2, type: 3}
      propertyPath: m_LocalRotation.w
      value: 1
      objectReference: {fileID: 0}
    - target: {fileID: 8074159584325949213, guid: 51879217cae756047ab293fa736febc2, type: 3}
      propertyPath: m_LocalRotation.x
      value: -0
      objectReference: {fileID: 0}
    - target: {fileID: 8074159584325949213, guid: 51879217cae756047ab293fa736febc2, type: 3}
      propertyPath: m_LocalRotation.y
      value: -0
      objectReference: {fileID: 0}
    - target: {fileID: 8074159584325949213, guid: 51879217cae756047ab293fa736febc2, type: 3}
      propertyPath: m_LocalRotation.z
      value: -0
      objectReference: {fileID: 0}
    - target: {fileID: 8074159584325949213, guid: 51879217cae756047ab293fa736febc2, type: 3}
      propertyPath: m_LocalEulerAnglesHint.x
      value: 0
      objectReference: {fileID: 0}
    - target: {fileID: 8074159584325949213, guid: 51879217cae756047ab293fa736febc2, type: 3}
      propertyPath: m_LocalEulerAnglesHint.y
      value: 0
      objectReference: {fileID: 0}
    - target: {fileID: 8074159584325949213, guid: 51879217cae756047ab293fa736febc2, type: 3}
      propertyPath: m_LocalEulerAnglesHint.z
      value: 0
      objectReference: {fileID: 0}
    m_RemovedComponents: []
  m_SourcePrefab: {fileID: 100100000, guid: 51879217cae756047ab293fa736febc2, type: 3}
--- !u!4 &3724104527637447495 stripped
Transform:
  m_CorrespondingSourceObject: {fileID: 8074159584325949213, guid: 51879217cae756047ab293fa736febc2, type: 3}
  m_PrefabInstance: {fileID: 4873880005669639258}
  m_PrefabAsset: {fileID: 0}
--- !u!1001 &4873880006238296504
PrefabInstance:
  m_ObjectHideFlags: 0
  serializedVersion: 2
  m_Modification:
    m_TransformParent: {fileID: 4062885153814253429}
    m_Modifications:
    - target: {fileID: 1256528514950683202, guid: 437961cdafeea0f41a7f55387da9c866, type: 3}
      propertyPath: m_Name
      value: addons_fencerectangle
      objectReference: {fileID: 0}
    - target: {fileID: 5039023821249453936, guid: 437961cdafeea0f41a7f55387da9c866, type: 3}
      propertyPath: m_RootOrder
      value: 0
      objectReference: {fileID: 0}
    - target: {fileID: 5039023821249453936, guid: 437961cdafeea0f41a7f55387da9c866, type: 3}
      propertyPath: m_LocalPosition.x
      value: 0.642
      objectReference: {fileID: 0}
    - target: {fileID: 5039023821249453936, guid: 437961cdafeea0f41a7f55387da9c866, type: 3}
      propertyPath: m_LocalPosition.y
      value: 0
      objectReference: {fileID: 0}
    - target: {fileID: 5039023821249453936, guid: 437961cdafeea0f41a7f55387da9c866, type: 3}
      propertyPath: m_LocalPosition.z
      value: 1.0279999
      objectReference: {fileID: 0}
    - target: {fileID: 5039023821249453936, guid: 437961cdafeea0f41a7f55387da9c866, type: 3}
      propertyPath: m_LocalRotation.w
      value: 1
      objectReference: {fileID: 0}
    - target: {fileID: 5039023821249453936, guid: 437961cdafeea0f41a7f55387da9c866, type: 3}
      propertyPath: m_LocalRotation.x
      value: -0
      objectReference: {fileID: 0}
    - target: {fileID: 5039023821249453936, guid: 437961cdafeea0f41a7f55387da9c866, type: 3}
      propertyPath: m_LocalRotation.y
      value: -0
      objectReference: {fileID: 0}
    - target: {fileID: 5039023821249453936, guid: 437961cdafeea0f41a7f55387da9c866, type: 3}
      propertyPath: m_LocalRotation.z
      value: -0
      objectReference: {fileID: 0}
    - target: {fileID: 5039023821249453936, guid: 437961cdafeea0f41a7f55387da9c866, type: 3}
      propertyPath: m_LocalEulerAnglesHint.x
      value: 0
      objectReference: {fileID: 0}
    - target: {fileID: 5039023821249453936, guid: 437961cdafeea0f41a7f55387da9c866, type: 3}
      propertyPath: m_LocalEulerAnglesHint.y
      value: 0
      objectReference: {fileID: 0}
    - target: {fileID: 5039023821249453936, guid: 437961cdafeea0f41a7f55387da9c866, type: 3}
      propertyPath: m_LocalEulerAnglesHint.z
      value: 0
      objectReference: {fileID: 0}
    m_RemovedComponents: []
  m_SourcePrefab: {fileID: 100100000, guid: 437961cdafeea0f41a7f55387da9c866, type: 3}
--- !u!4 &454218687016617672 stripped
Transform:
  m_CorrespondingSourceObject: {fileID: 5039023821249453936, guid: 437961cdafeea0f41a7f55387da9c866, type: 3}
  m_PrefabInstance: {fileID: 4873880006238296504}
  m_PrefabAsset: {fileID: 0}
--- !u!1 &5968278909857203194 stripped
GameObject:
  m_CorrespondingSourceObject: {fileID: 1256528514950683202, guid: 437961cdafeea0f41a7f55387da9c866, type: 3}
  m_PrefabInstance: {fileID: 4873880006238296504}
  m_PrefabAsset: {fileID: 0}
--- !u!1001 &4873880006381946225
PrefabInstance:
  m_ObjectHideFlags: 0
  serializedVersion: 2
  m_Modification:
    m_TransformParent: {fileID: 4062885153814253429}
    m_Modifications:
    - target: {fileID: 2303950948034426151, guid: e0531f96bbabf0040af2ebb20b237cd8, type: 3}
      propertyPath: m_RootOrder
      value: 1
      objectReference: {fileID: 0}
    - target: {fileID: 2303950948034426151, guid: e0531f96bbabf0040af2ebb20b237cd8, type: 3}
      propertyPath: m_LocalPosition.x
      value: 0.642
      objectReference: {fileID: 0}
    - target: {fileID: 2303950948034426151, guid: e0531f96bbabf0040af2ebb20b237cd8, type: 3}
      propertyPath: m_LocalPosition.y
      value: 0
      objectReference: {fileID: 0}
    - target: {fileID: 2303950948034426151, guid: e0531f96bbabf0040af2ebb20b237cd8, type: 3}
      propertyPath: m_LocalPosition.z
      value: 1.4630003
      objectReference: {fileID: 0}
    - target: {fileID: 2303950948034426151, guid: e0531f96bbabf0040af2ebb20b237cd8, type: 3}
      propertyPath: m_LocalRotation.w
      value: 1
      objectReference: {fileID: 0}
    - target: {fileID: 2303950948034426151, guid: e0531f96bbabf0040af2ebb20b237cd8, type: 3}
      propertyPath: m_LocalRotation.x
      value: -0
      objectReference: {fileID: 0}
    - target: {fileID: 2303950948034426151, guid: e0531f96bbabf0040af2ebb20b237cd8, type: 3}
      propertyPath: m_LocalRotation.y
      value: -0
      objectReference: {fileID: 0}
    - target: {fileID: 2303950948034426151, guid: e0531f96bbabf0040af2ebb20b237cd8, type: 3}
      propertyPath: m_LocalRotation.z
      value: -0
      objectReference: {fileID: 0}
    - target: {fileID: 2303950948034426151, guid: e0531f96bbabf0040af2ebb20b237cd8, type: 3}
      propertyPath: m_LocalEulerAnglesHint.x
      value: 0
      objectReference: {fileID: 0}
    - target: {fileID: 2303950948034426151, guid: e0531f96bbabf0040af2ebb20b237cd8, type: 3}
      propertyPath: m_LocalEulerAnglesHint.y
      value: 0
      objectReference: {fileID: 0}
    - target: {fileID: 2303950948034426151, guid: e0531f96bbabf0040af2ebb20b237cd8, type: 3}
      propertyPath: m_LocalEulerAnglesHint.z
      value: 0
      objectReference: {fileID: 0}
    - target: {fileID: 8443601975264116662, guid: e0531f96bbabf0040af2ebb20b237cd8, type: 3}
      propertyPath: m_Name
      value: addons_fencelarge
      objectReference: {fileID: 0}
    m_RemovedComponents: []
  m_SourcePrefab: {fileID: 100100000, guid: e0531f96bbabf0040af2ebb20b237cd8, type: 3}
--- !u!1 &3931135910449593031 stripped
GameObject:
  m_CorrespondingSourceObject: {fileID: 8443601975264116662, guid: e0531f96bbabf0040af2ebb20b237cd8, type: 3}
  m_PrefabInstance: {fileID: 4873880006381946225}
  m_PrefabAsset: {fileID: 0}
--- !u!4 &6654850360445923414 stripped
Transform:
  m_CorrespondingSourceObject: {fileID: 2303950948034426151, guid: e0531f96bbabf0040af2ebb20b237cd8, type: 3}
  m_PrefabInstance: {fileID: 4873880006381946225}
  m_PrefabAsset: {fileID: 0}
--- !u!1001 &8261023533885413918
PrefabInstance:
  m_ObjectHideFlags: 0
  serializedVersion: 2
  m_Modification:
    m_TransformParent: {fileID: 3930123308543201514}
    m_Modifications:
    - target: {fileID: 2946174968828909278, guid: 1bad95680362ab44fa6b0f049b52a7d0, type: 3}
      propertyPath: m_Name
      value: addons_housetreescollection
      objectReference: {fileID: 0}
    - target: {fileID: 4386357431294800052, guid: 1bad95680362ab44fa6b0f049b52a7d0, type: 3}
      propertyPath: m_RootOrder
      value: 1
      objectReference: {fileID: 0}
    - target: {fileID: 4386357431294800052, guid: 1bad95680362ab44fa6b0f049b52a7d0, type: 3}
      propertyPath: m_LocalPosition.x
      value: 0.283
      objectReference: {fileID: 0}
    - target: {fileID: 4386357431294800052, guid: 1bad95680362ab44fa6b0f049b52a7d0, type: 3}
      propertyPath: m_LocalPosition.y
      value: 0
      objectReference: {fileID: 0}
    - target: {fileID: 4386357431294800052, guid: 1bad95680362ab44fa6b0f049b52a7d0, type: 3}
      propertyPath: m_LocalPosition.z
      value: 1.8540001
      objectReference: {fileID: 0}
    - target: {fileID: 4386357431294800052, guid: 1bad95680362ab44fa6b0f049b52a7d0, type: 3}
      propertyPath: m_LocalRotation.w
      value: 1
      objectReference: {fileID: 0}
    - target: {fileID: 4386357431294800052, guid: 1bad95680362ab44fa6b0f049b52a7d0, type: 3}
      propertyPath: m_LocalRotation.x
      value: -0
      objectReference: {fileID: 0}
    - target: {fileID: 4386357431294800052, guid: 1bad95680362ab44fa6b0f049b52a7d0, type: 3}
      propertyPath: m_LocalRotation.y
      value: -0
      objectReference: {fileID: 0}
    - target: {fileID: 4386357431294800052, guid: 1bad95680362ab44fa6b0f049b52a7d0, type: 3}
      propertyPath: m_LocalRotation.z
      value: -0
      objectReference: {fileID: 0}
    - target: {fileID: 4386357431294800052, guid: 1bad95680362ab44fa6b0f049b52a7d0, type: 3}
      propertyPath: m_LocalEulerAnglesHint.x
      value: 0
      objectReference: {fileID: 0}
    - target: {fileID: 4386357431294800052, guid: 1bad95680362ab44fa6b0f049b52a7d0, type: 3}
      propertyPath: m_LocalEulerAnglesHint.y
      value: 0
      objectReference: {fileID: 0}
    - target: {fileID: 4386357431294800052, guid: 1bad95680362ab44fa6b0f049b52a7d0, type: 3}
      propertyPath: m_LocalEulerAnglesHint.z
      value: 0
      objectReference: {fileID: 0}
    m_RemovedComponents: []
  m_SourcePrefab: {fileID: 100100000, guid: 1bad95680362ab44fa6b0f049b52a7d0, type: 3}
--- !u!114 &7937843355225225539 stripped
MonoBehaviour:
  m_CorrespondingSourceObject: {fileID: 2057563779914605405, guid: 1bad95680362ab44fa6b0f049b52a7d0, type: 3}
  m_PrefabInstance: {fileID: 8261023533885413918}
  m_PrefabAsset: {fileID: 0}
  m_GameObject: {fileID: 0}
  m_Enabled: 1
  m_EditorHideFlags: 0
  m_Script: {fileID: 11500000, guid: e88f30513adb73141973b78f0dc1191c, type: 3}
  m_Name: 
  m_EditorClassIdentifier: 
--- !u!4 &5654962001476676266 stripped
Transform:
  m_CorrespondingSourceObject: {fileID: 4386357431294800052, guid: 1bad95680362ab44fa6b0f049b52a7d0, type: 3}
  m_PrefabInstance: {fileID: 8261023533885413918}
  m_PrefabAsset: {fileID: 0}
