%YAML 1.1
%TAG !u! tag:unity3d.com,2011:
--- !u!1 &2264152884425432230
GameObject:
  m_ObjectHideFlags: 0
  m_CorrespondingSourceObject: {fileID: 0}
  m_PrefabInstance: {fileID: 0}
  m_PrefabAsset: {fileID: 0}
  serializedVersion: 6
  m_Component:
  - component: {fileID: 2720304186788034911}
  - component: {fileID: 3182631396102957502}
  m_Layer: 0
  m_Name: addons_fencescollection
  m_TagString: Untagged
  m_Icon: {fileID: 0}
  m_NavMeshLayer: 0
  m_StaticEditorFlags: 4294967295
  m_IsActive: 1
--- !u!4 &2720304186788034911
Transform:
  m_ObjectHideFlags: 0
  m_CorrespondingSourceObject: {fileID: 0}
  m_PrefabInstance: {fileID: 0}
  m_PrefabAsset: {fileID: 0}
  m_GameObject: {fileID: 2264152884425432230}
  m_LocalRotation: {x: -0, y: -0, z: -0, w: 1}
  m_LocalPosition: {x: 0, y: 0, z: 0}
  m_LocalScale: {x: 1, y: 1, z: 1}
  m_Children:
  - {fileID: 1223450589023838524}
  m_Father: {fileID: 2540764150155928881}
  m_RootOrder: 0
  m_LocalEulerAnglesHint: {x: 0, y: 0, z: 0}
--- !u!114 &3182631396102957502
MonoBehaviour:
  m_ObjectHideFlags: 0
  m_CorrespondingSourceObject: {fileID: 0}
  m_PrefabInstance: {fileID: 0}
  m_PrefabAsset: {fileID: 0}
  m_GameObject: {fileID: 2264152884425432230}
  m_Enabled: 1
  m_EditorHideFlags: 0
  m_Script: {fileID: 11500000, guid: df88fe1cc3e69ba4ab4481028315b972, type: 3}
  m_Name: 
  m_EditorClassIdentifier: 
  decorationSet:
  - chanceToShow: 100
    optionalDecorations:
    - {fileID: 2264152884425432230}
--- !u!1 &3160634159953093632
GameObject:
  m_ObjectHideFlags: 0
  m_CorrespondingSourceObject: {fileID: 0}
  m_PrefabInstance: {fileID: 0}
  m_PrefabAsset: {fileID: 0}
  serializedVersion: 6
  m_Component:
  - component: {fileID: 534398663896771292}
  - component: {fileID: 3437150749081653175}
  - component: {fileID: 7873897607870199574}
  m_Layer: 0
  m_Name: mesh
  m_TagString: Untagged
  m_Icon: {fileID: 0}
  m_NavMeshLayer: 0
  m_StaticEditorFlags: 4294967295
  m_IsActive: 1
--- !u!4 &534398663896771292
Transform:
  m_ObjectHideFlags: 0
  m_CorrespondingSourceObject: {fileID: 0}
  m_PrefabInstance: {fileID: 0}
  m_PrefabAsset: {fileID: 0}
  m_GameObject: {fileID: 3160634159953093632}
  m_LocalRotation: {x: -0, y: -0, z: -0, w: 1}
  m_LocalPosition: {x: 0.48, y: 0, z: 0.43}
  m_LocalScale: {x: 1, y: 1, z: 1}
  m_Children: []
  m_Father: {fileID: 599480476291951964}
  m_RootOrder: 0
  m_LocalEulerAnglesHint: {x: 0, y: 0, z: 0}
--- !u!33 &3437150749081653175
MeshFilter:
  m_ObjectHideFlags: 0
  m_CorrespondingSourceObject: {fileID: 0}
  m_PrefabInstance: {fileID: 0}
  m_PrefabAsset: {fileID: 0}
  m_GameObject: {fileID: 3160634159953093632}
  m_Mesh: {fileID: 2785096126248973917, guid: 2075c401566a6ad42ad7d18575a372e0, type: 3}
--- !u!23 &7873897607870199574
MeshRenderer:
  m_ObjectHideFlags: 0
  m_CorrespondingSourceObject: {fileID: 0}
  m_PrefabInstance: {fileID: 0}
  m_PrefabAsset: {fileID: 0}
  m_GameObject: {fileID: 3160634159953093632}
  m_Enabled: 1
  m_CastShadows: 1
  m_ReceiveShadows: 1
  m_DynamicOccludee: 1
  m_MotionVectors: 1
  m_LightProbeUsage: 1
  m_ReflectionProbeUsage: 1
  m_RayTracingMode: 2
  m_RayTraceProcedural: 0
  m_RenderingLayerMask: 1
  m_RendererPriority: 0
  m_Materials:
  - {fileID: 2100000, guid: 8d1c0d3681c04c841b3d7bef621e35ee, type: 2}
  m_StaticBatchInfo:
    firstSubMesh: 0
    subMeshCount: 0
  m_StaticBatchRoot: {fileID: 0}
  m_ProbeAnchor: {fileID: 0}
  m_LightProbeVolumeOverride: {fileID: 0}
  m_ScaleInLightmap: 1
  m_ReceiveGI: 1
  m_PreserveUVs: 0
  m_IgnoreNormalsForChartDetection: 0
  m_ImportantGI: 0
  m_StitchLightmapSeams: 1
  m_SelectedEditorRenderState: 3
  m_MinimumChartSize: 4
  m_AutoUVMaxDistance: 0.5
  m_AutoUVMaxAngle: 89
  m_LightmapParameters: {fileID: 0}
  m_SortingLayerID: 0
  m_SortingLayer: 0
  m_SortingOrder: 0
  m_AdditionalVertexStreams: {fileID: 0}
--- !u!1 &3476074480301317969
GameObject:
  m_ObjectHideFlags: 0
  m_CorrespondingSourceObject: {fileID: 0}
  m_PrefabInstance: {fileID: 0}
  m_PrefabAsset: {fileID: 0}
  serializedVersion: 6
  m_Component:
  - component: {fileID: 599480476291951964}
  - component: {fileID: 559951738622235801}
  m_Layer: 0
  m_Name: building_house08_south
  m_TagString: Untagged
  m_Icon: {fileID: 0}
  m_NavMeshLayer: 0
  m_StaticEditorFlags: 4294967295
  m_IsActive: 1
--- !u!4 &599480476291951964
Transform:
  m_ObjectHideFlags: 0
  m_CorrespondingSourceObject: {fileID: 0}
  m_PrefabInstance: {fileID: 0}
  m_PrefabAsset: {fileID: 0}
  m_GameObject: {fileID: 3476074480301317969}
  m_LocalRotation: {x: -0, y: -0, z: -0, w: 1}
  m_LocalPosition: {x: 0, y: 0, z: 0}
  m_LocalScale: {x: 1, y: 1, z: 1}
  m_Children:
  - {fileID: 534398663896771292}
  - {fileID: 7306005294646276137}
  - {fileID: 2540764150155928881}
  - {fileID: 2932303892711052362}
  m_Father: {fileID: 0}
  m_RootOrder: 0
  m_LocalEulerAnglesHint: {x: 0, y: 0, z: 0}
--- !u!114 &559951738622235801
MonoBehaviour:
  m_ObjectHideFlags: 0
  m_CorrespondingSourceObject: {fileID: 0}
  m_PrefabInstance: {fileID: 0}
  m_PrefabAsset: {fileID: 0}
  m_GameObject: {fileID: 3476074480301317969}
  m_Enabled: 1
  m_EditorHideFlags: 0
  m_Script: {fileID: 11500000, guid: 7e7de66a74700024db828b2950cfc944, type: 3}
  m_Name: 
  m_EditorClassIdentifier: 
  sizeX: 2
  sizeY: 2
  groundDependentHolder: {fileID: 9093284460055743173}
  optionalDecorationsSets:
  - {fileID: 3182631396102957502}
  citizenEntrance: {fileID: 4267106207382775444}
  vehicleEntrance: {fileID: 800286941044632010}
  citizensAmount: 6
--- !u!1 &3591917554040981142
GameObject:
  m_ObjectHideFlags: 0
  m_CorrespondingSourceObject: {fileID: 0}
  m_PrefabInstance: {fileID: 0}
  m_PrefabAsset: {fileID: 0}
  serializedVersion: 6
  m_Component:
  - component: {fileID: 2932303892711052362}
  m_Layer: 0
  m_Name: entrances
  m_TagString: Untagged
  m_Icon: {fileID: 0}
  m_NavMeshLayer: 0
  m_StaticEditorFlags: 4294967295
  m_IsActive: 1
--- !u!4 &2932303892711052362
Transform:
  m_ObjectHideFlags: 0
  m_CorrespondingSourceObject: {fileID: 0}
  m_PrefabInstance: {fileID: 0}
  m_PrefabAsset: {fileID: 0}
  m_GameObject: {fileID: 3591917554040981142}
  m_LocalRotation: {x: -0, y: -0, z: -0, w: 1}
  m_LocalPosition: {x: 0, y: 0, z: 0}
  m_LocalScale: {x: 1, y: 1, z: 1}
  m_Children:
  - {fileID: 4267106207382775444}
  - {fileID: 800286941044632010}
  m_Father: {fileID: 599480476291951964}
  m_RootOrder: 3
  m_LocalEulerAnglesHint: {x: 0, y: 0, z: 0}
--- !u!1 &4078486287954889522
GameObject:
  m_ObjectHideFlags: 0
  m_CorrespondingSourceObject: {fileID: 0}
  m_PrefabInstance: {fileID: 0}
  m_PrefabAsset: {fileID: 0}
  serializedVersion: 6
  m_Component:
  - component: {fileID: 800286941044632010}
  m_Layer: 0
  m_Name: vehicleEntrance
  m_TagString: Untagged
  m_Icon: {fileID: 0}
  m_NavMeshLayer: 0
  m_StaticEditorFlags: 4294967295
  m_IsActive: 1
--- !u!4 &800286941044632010
Transform:
  m_ObjectHideFlags: 0
  m_CorrespondingSourceObject: {fileID: 0}
  m_PrefabInstance: {fileID: 0}
  m_PrefabAsset: {fileID: 0}
  m_GameObject: {fileID: 4078486287954889522}
  m_LocalRotation: {x: -0, y: -0, z: -0, w: 1}
  m_LocalPosition: {x: 1.1, y: 0, z: -0.25}
  m_LocalScale: {x: 1, y: 1, z: 1}
  m_Children: []
  m_Father: {fileID: 2932303892711052362}
  m_RootOrder: 1
  m_LocalEulerAnglesHint: {x: 0, y: 0, z: 0}
--- !u!1 &4247640943585015447
GameObject:
  m_ObjectHideFlags: 0
  m_CorrespondingSourceObject: {fileID: 0}
  m_PrefabInstance: {fileID: 0}
  m_PrefabAsset: {fileID: 0}
  serializedVersion: 6
  m_Component:
  - component: {fileID: 2540764150155928881}
  m_Layer: 0
  m_Name: decorations_random
  m_TagString: Untagged
  m_Icon: {fileID: 0}
  m_NavMeshLayer: 0
  m_StaticEditorFlags: 4294967295
  m_IsActive: 1
--- !u!4 &2540764150155928881
Transform:
  m_ObjectHideFlags: 0
  m_CorrespondingSourceObject: {fileID: 0}
  m_PrefabInstance: {fileID: 0}
  m_PrefabAsset: {fileID: 0}
  m_GameObject: {fileID: 4247640943585015447}
  m_LocalRotation: {x: -0, y: -0, z: -0, w: 1}
  m_LocalPosition: {x: 0, y: 0, z: 0}
  m_LocalScale: {x: 1, y: 1, z: 1}
  m_Children:
  - {fileID: 2720304186788034911}
  m_Father: {fileID: 599480476291951964}
  m_RootOrder: 2
  m_LocalEulerAnglesHint: {x: 0, y: 0, z: 0}
--- !u!1 &4883828386045429778
GameObject:
  m_ObjectHideFlags: 0
  m_CorrespondingSourceObject: {fileID: 0}
  m_PrefabInstance: {fileID: 0}
  m_PrefabAsset: {fileID: 0}
  serializedVersion: 6
  m_Component:
  - component: {fileID: 4267106207382775444}
  m_Layer: 0
  m_Name: citizenEntrance
  m_TagString: Untagged
  m_Icon: {fileID: 0}
  m_NavMeshLayer: 0
  m_StaticEditorFlags: 4294967295
  m_IsActive: 1
--- !u!4 &4267106207382775444
Transform:
  m_ObjectHideFlags: 0
  m_CorrespondingSourceObject: {fileID: 0}
  m_PrefabInstance: {fileID: 0}
  m_PrefabAsset: {fileID: 0}
  m_GameObject: {fileID: 4883828386045429778}
  m_LocalRotation: {x: -0, y: -0, z: -0, w: 1}
  m_LocalPosition: {x: 0.29, y: 0, z: -0.09}
  m_LocalScale: {x: 1, y: 1, z: 1}
  m_Children: []
  m_Father: {fileID: 2932303892711052362}
  m_RootOrder: 0
  m_LocalEulerAnglesHint: {x: 0, y: 0, z: 0}
--- !u!1 &9093284460055743173
GameObject:
  m_ObjectHideFlags: 0
  m_CorrespondingSourceObject: {fileID: 0}
  m_PrefabInstance: {fileID: 0}
  m_PrefabAsset: {fileID: 0}
  serializedVersion: 6
  m_Component:
  - component: {fileID: 7306005294646276137}
  m_Layer: 0
  m_Name: decorations_grounddependent
  m_TagString: Untagged
  m_Icon: {fileID: 0}
  m_NavMeshLayer: 0
  m_StaticEditorFlags: 4294967295
  m_IsActive: 1
--- !u!4 &7306005294646276137
Transform:
  m_ObjectHideFlags: 0
  m_CorrespondingSourceObject: {fileID: 0}
  m_PrefabInstance: {fileID: 0}
  m_PrefabAsset: {fileID: 0}
  m_GameObject: {fileID: 9093284460055743173}
  m_LocalRotation: {x: -0, y: -0, z: -0, w: 1}
  m_LocalPosition: {x: 0, y: 0, z: 0}
  m_LocalScale: {x: 1, y: 1, z: 1}
  m_Children:
  - {fileID: 1692983141635884441}
  - {fileID: 7072445930587501729}
  - {fileID: 2342871848981091476}
  - {fileID: 3086947555109867324}
  m_Father: {fileID: 599480476291951964}
  m_RootOrder: 1
  m_LocalEulerAnglesHint: {x: 0, y: 0, z: 0}
--- !u!1001 &762296865772848100
PrefabInstance:
  m_ObjectHideFlags: 0
  serializedVersion: 2
  m_Modification:
    m_TransformParent: {fileID: 7306005294646276137}
    m_Modifications:
    - target: {fileID: 2324757391400062168, guid: 827a0114ab9558046bd58e4b0afa1527, type: 3}
      propertyPath: m_RootOrder
      value: 3
      objectReference: {fileID: 0}
    - target: {fileID: 2324757391400062168, guid: 827a0114ab9558046bd58e4b0afa1527, type: 3}
      propertyPath: m_LocalPosition.x
      value: 0.30099964
      objectReference: {fileID: 0}
    - target: {fileID: 2324757391400062168, guid: 827a0114ab9558046bd58e4b0afa1527, type: 3}
      propertyPath: m_LocalPosition.y
      value: -0.001
      objectReference: {fileID: 0}
    - target: {fileID: 2324757391400062168, guid: 827a0114ab9558046bd58e4b0afa1527, type: 3}
      propertyPath: m_LocalPosition.z
      value: -0.3970003
      objectReference: {fileID: 0}
    - target: {fileID: 2324757391400062168, guid: 827a0114ab9558046bd58e4b0afa1527, type: 3}
      propertyPath: m_LocalRotation.w
      value: 1
      objectReference: {fileID: 0}
    - target: {fileID: 2324757391400062168, guid: 827a0114ab9558046bd58e4b0afa1527, type: 3}
      propertyPath: m_LocalRotation.x
      value: -0
      objectReference: {fileID: 0}
    - target: {fileID: 2324757391400062168, guid: 827a0114ab9558046bd58e4b0afa1527, type: 3}
      propertyPath: m_LocalRotation.y
      value: -0
      objectReference: {fileID: 0}
    - target: {fileID: 2324757391400062168, guid: 827a0114ab9558046bd58e4b0afa1527, type: 3}
      propertyPath: m_LocalRotation.z
      value: -0
      objectReference: {fileID: 0}
    - target: {fileID: 2324757391400062168, guid: 827a0114ab9558046bd58e4b0afa1527, type: 3}
      propertyPath: m_LocalEulerAnglesHint.x
      value: 0
      objectReference: {fileID: 0}
    - target: {fileID: 2324757391400062168, guid: 827a0114ab9558046bd58e4b0afa1527, type: 3}
      propertyPath: m_LocalEulerAnglesHint.y
      value: 0
      objectReference: {fileID: 0}
    - target: {fileID: 2324757391400062168, guid: 827a0114ab9558046bd58e4b0afa1527, type: 3}
      propertyPath: m_LocalEulerAnglesHint.z
      value: 0
      objectReference: {fileID: 0}
    - target: {fileID: 8801577291930222214, guid: 827a0114ab9558046bd58e4b0afa1527, type: 3}
      propertyPath: m_Name
      value: addons_pathtilesshort
      objectReference: {fileID: 0}
    m_RemovedComponents: []
  m_SourcePrefab: {fileID: 100100000, guid: 827a0114ab9558046bd58e4b0afa1527, type: 3}
--- !u!4 &3086947555109867324 stripped
Transform:
  m_CorrespondingSourceObject: {fileID: 2324757391400062168, guid: 827a0114ab9558046bd58e4b0afa1527, type: 3}
  m_PrefabInstance: {fileID: 762296865772848100}
  m_PrefabAsset: {fileID: 0}
--- !u!1001 &6431172714044381557
PrefabInstance:
  m_ObjectHideFlags: 0
  serializedVersion: 2
  m_Modification:
    m_TransformParent: {fileID: 7306005294646276137}
    m_Modifications:
    - target: {fileID: 6564126544363792684, guid: 12969565a63972c4b88bf7b808b4ff36, type: 3}
      propertyPath: m_Name
      value: addons_pathtileslong
      objectReference: {fileID: 0}
    - target: {fileID: 8774014875648855521, guid: 12969565a63972c4b88bf7b808b4ff36, type: 3}
      propertyPath: m_RootOrder
      value: 2
      objectReference: {fileID: 0}
    - target: {fileID: 8774014875648855521, guid: 12969565a63972c4b88bf7b808b4ff36, type: 3}
      propertyPath: m_LocalPosition.x
      value: 0.30099964
      objectReference: {fileID: 0}
    - target: {fileID: 8774014875648855521, guid: 12969565a63972c4b88bf7b808b4ff36, type: 3}
      propertyPath: m_LocalPosition.y
      value: -0.001
      objectReference: {fileID: 0}
    - target: {fileID: 8774014875648855521, guid: 12969565a63972c4b88bf7b808b4ff36, type: 3}
      propertyPath: m_LocalPosition.z
      value: -0.09700012
      objectReference: {fileID: 0}
    - target: {fileID: 8774014875648855521, guid: 12969565a63972c4b88bf7b808b4ff36, type: 3}
      propertyPath: m_LocalRotation.w
      value: 1
      objectReference: {fileID: 0}
    - target: {fileID: 8774014875648855521, guid: 12969565a63972c4b88bf7b808b4ff36, type: 3}
      propertyPath: m_LocalRotation.x
      value: -0
      objectReference: {fileID: 0}
    - target: {fileID: 8774014875648855521, guid: 12969565a63972c4b88bf7b808b4ff36, type: 3}
      propertyPath: m_LocalRotation.y
      value: -0
      objectReference: {fileID: 0}
    - target: {fileID: 8774014875648855521, guid: 12969565a63972c4b88bf7b808b4ff36, type: 3}
      propertyPath: m_LocalRotation.z
      value: -0
      objectReference: {fileID: 0}
    - target: {fileID: 8774014875648855521, guid: 12969565a63972c4b88bf7b808b4ff36, type: 3}
      propertyPath: m_LocalEulerAnglesHint.x
      value: 0
      objectReference: {fileID: 0}
    - target: {fileID: 8774014875648855521, guid: 12969565a63972c4b88bf7b808b4ff36, type: 3}
      propertyPath: m_LocalEulerAnglesHint.y
      value: 0
      objectReference: {fileID: 0}
    - target: {fileID: 8774014875648855521, guid: 12969565a63972c4b88bf7b808b4ff36, type: 3}
      propertyPath: m_LocalEulerAnglesHint.z
      value: 0
      objectReference: {fileID: 0}
    m_RemovedComponents: []
  m_SourcePrefab: {fileID: 100100000, guid: 12969565a63972c4b88bf7b808b4ff36, type: 3}
--- !u!4 &2342871848981091476 stripped
Transform:
  m_CorrespondingSourceObject: {fileID: 8774014875648855521, guid: 12969565a63972c4b88bf7b808b4ff36, type: 3}
  m_PrefabInstance: {fileID: 6431172714044381557}
  m_PrefabAsset: {fileID: 0}
--- !u!1001 &7454445218109965887
PrefabInstance:
  m_ObjectHideFlags: 0
  serializedVersion: 2
  m_Modification:
    m_TransformParent: {fileID: 2720304186788034911}
    m_Modifications:
    - target: {fileID: 8552403674240006820, guid: 1ad4b1ce327196849aacdbcaf89cf43f, type: 3}
      propertyPath: m_Name
      value: addons_fencewide
      objectReference: {fileID: 0}
    - target: {fileID: 8613437452579759875, guid: 1ad4b1ce327196849aacdbcaf89cf43f, type: 3}
      propertyPath: m_RootOrder
      value: 0
      objectReference: {fileID: 0}
    - target: {fileID: 8613437452579759875, guid: 1ad4b1ce327196849aacdbcaf89cf43f, type: 3}
      propertyPath: m_LocalPosition.x
      value: 0.5089998
      objectReference: {fileID: 0}
    - target: {fileID: 8613437452579759875, guid: 1ad4b1ce327196849aacdbcaf89cf43f, type: 3}
      propertyPath: m_LocalPosition.y
      value: 0
      objectReference: {fileID: 0}
    - target: {fileID: 8613437452579759875, guid: 1ad4b1ce327196849aacdbcaf89cf43f, type: 3}
      propertyPath: m_LocalPosition.z
      value: 1.0620003
      objectReference: {fileID: 0}
    - target: {fileID: 8613437452579759875, guid: 1ad4b1ce327196849aacdbcaf89cf43f, type: 3}
      propertyPath: m_LocalRotation.w
      value: 1
      objectReference: {fileID: 0}
    - target: {fileID: 8613437452579759875, guid: 1ad4b1ce327196849aacdbcaf89cf43f, type: 3}
      propertyPath: m_LocalRotation.x
      value: -0
      objectReference: {fileID: 0}
    - target: {fileID: 8613437452579759875, guid: 1ad4b1ce327196849aacdbcaf89cf43f, type: 3}
      propertyPath: m_LocalRotation.y
      value: -0
      objectReference: {fileID: 0}
    - target: {fileID: 8613437452579759875, guid: 1ad4b1ce327196849aacdbcaf89cf43f, type: 3}
      propertyPath: m_LocalRotation.z
      value: -0
      objectReference: {fileID: 0}
    - target: {fileID: 8613437452579759875, guid: 1ad4b1ce327196849aacdbcaf89cf43f, type: 3}
      propertyPath: m_LocalEulerAnglesHint.x
      value: 0
      objectReference: {fileID: 0}
    - target: {fileID: 8613437452579759875, guid: 1ad4b1ce327196849aacdbcaf89cf43f, type: 3}
      propertyPath: m_LocalEulerAnglesHint.y
      value: 0
      objectReference: {fileID: 0}
    - target: {fileID: 8613437452579759875, guid: 1ad4b1ce327196849aacdbcaf89cf43f, type: 3}
      propertyPath: m_LocalEulerAnglesHint.z
      value: 0
      objectReference: {fileID: 0}
    m_RemovedComponents: []
  m_SourcePrefab: {fileID: 100100000, guid: 1ad4b1ce327196849aacdbcaf89cf43f, type: 3}
--- !u!4 &1223450589023838524 stripped
Transform:
  m_CorrespondingSourceObject: {fileID: 8613437452579759875, guid: 1ad4b1ce327196849aacdbcaf89cf43f, type: 3}
  m_PrefabInstance: {fileID: 7454445218109965887}
  m_PrefabAsset: {fileID: 0}
--- !u!1001 &7454445218504629048
PrefabInstance:
  m_ObjectHideFlags: 0
  serializedVersion: 2
  m_Modification:
    m_TransformParent: {fileID: 7306005294646276137}
    m_Modifications:
    - target: {fileID: 384462333054873497, guid: 80ab79fea3ae6cc4abc10b7788954569, type: 3}
      propertyPath: m_RootOrder
      value: 1
      objectReference: {fileID: 0}
    - target: {fileID: 384462333054873497, guid: 80ab79fea3ae6cc4abc10b7788954569, type: 3}
      propertyPath: m_LocalPosition.x
      value: 1.1129999
      objectReference: {fileID: 0}
    - target: {fileID: 384462333054873497, guid: 80ab79fea3ae6cc4abc10b7788954569, type: 3}
      propertyPath: m_LocalPosition.y
      value: 0
      objectReference: {fileID: 0}
    - target: {fileID: 384462333054873497, guid: 80ab79fea3ae6cc4abc10b7788954569, type: 3}
      propertyPath: m_LocalPosition.z
      value: -0.2989998
      objectReference: {fileID: 0}
    - target: {fileID: 384462333054873497, guid: 80ab79fea3ae6cc4abc10b7788954569, type: 3}
      propertyPath: m_LocalRotation.w
      value: 1
      objectReference: {fileID: 0}
    - target: {fileID: 384462333054873497, guid: 80ab79fea3ae6cc4abc10b7788954569, type: 3}
      propertyPath: m_LocalRotation.x
      value: -0
      objectReference: {fileID: 0}
    - target: {fileID: 384462333054873497, guid: 80ab79fea3ae6cc4abc10b7788954569, type: 3}
      propertyPath: m_LocalRotation.y
      value: -0
      objectReference: {fileID: 0}
    - target: {fileID: 384462333054873497, guid: 80ab79fea3ae6cc4abc10b7788954569, type: 3}
      propertyPath: m_LocalRotation.z
      value: -0
      objectReference: {fileID: 0}
    - target: {fileID: 384462333054873497, guid: 80ab79fea3ae6cc4abc10b7788954569, type: 3}
      propertyPath: m_LocalEulerAnglesHint.x
      value: 0
      objectReference: {fileID: 0}
    - target: {fileID: 384462333054873497, guid: 80ab79fea3ae6cc4abc10b7788954569, type: 3}
      propertyPath: m_LocalEulerAnglesHint.y
      value: 0
      objectReference: {fileID: 0}
    - target: {fileID: 384462333054873497, guid: 80ab79fea3ae6cc4abc10b7788954569, type: 3}
      propertyPath: m_LocalEulerAnglesHint.z
      value: 0
      objectReference: {fileID: 0}
    - target: {fileID: 7781112316086989114, guid: 80ab79fea3ae6cc4abc10b7788954569, type: 3}
      propertyPath: m_Name
      value: addons_drivewaylong
      objectReference: {fileID: 0}
    m_RemovedComponents: []
  m_SourcePrefab: {fileID: 100100000, guid: 80ab79fea3ae6cc4abc10b7788954569, type: 3}
--- !u!4 &7072445930587501729 stripped
Transform:
  m_CorrespondingSourceObject: {fileID: 384462333054873497, guid: 80ab79fea3ae6cc4abc10b7788954569, type: 3}
  m_PrefabInstance: {fileID: 7454445218504629048}
  m_PrefabAsset: {fileID: 0}
--- !u!1001 &7454445219140784772
PrefabInstance:
  m_ObjectHideFlags: 0
  serializedVersion: 2
  m_Modification:
    m_TransformParent: {fileID: 7306005294646276137}
    m_Modifications:
    - target: {fileID: 398096460243751448, guid: 51879217cae756047ab293fa736febc2, type: 3}
      propertyPath: m_Name
      value: addons_drivewayshort
      objectReference: {fileID: 0}
    - target: {fileID: 8074159584325949213, guid: 51879217cae756047ab293fa736febc2, type: 3}
      propertyPath: m_RootOrder
      value: 0
      objectReference: {fileID: 0}
    - target: {fileID: 8074159584325949213, guid: 51879217cae756047ab293fa736febc2, type: 3}
      propertyPath: m_LocalPosition.x
      value: 1.1129999
      objectReference: {fileID: 0}
    - target: {fileID: 8074159584325949213, guid: 51879217cae756047ab293fa736febc2, type: 3}
      propertyPath: m_LocalPosition.y
      value: 0
      objectReference: {fileID: 0}
    - target: {fileID: 8074159584325949213, guid: 51879217cae756047ab293fa736febc2, type: 3}
      propertyPath: m_LocalPosition.z
      value: 0.0010004044
      objectReference: {fileID: 0}
    - target: {fileID: 8074159584325949213, guid: 51879217cae756047ab293fa736febc2, type: 3}
      propertyPath: m_LocalRotation.w
      value: 1
      objectReference: {fileID: 0}
    - target: {fileID: 8074159584325949213, guid: 51879217cae756047ab293fa736febc2, type: 3}
      propertyPath: m_LocalRotation.x
      value: -0
      objectReference: {fileID: 0}
    - target: {fileID: 8074159584325949213, guid: 51879217cae756047ab293fa736febc2, type: 3}
      propertyPath: m_LocalRotation.y
      value: -0
      objectReference: {fileID: 0}
    - target: {fileID: 8074159584325949213, guid: 51879217cae756047ab293fa736febc2, type: 3}
      propertyPath: m_LocalRotation.z
      value: -0
      objectReference: {fileID: 0}
    - target: {fileID: 8074159584325949213, guid: 51879217cae756047ab293fa736febc2, type: 3}
      propertyPath: m_LocalEulerAnglesHint.x
      value: 0
      objectReference: {fileID: 0}
    - target: {fileID: 8074159584325949213, guid: 51879217cae756047ab293fa736febc2, type: 3}
      propertyPath: m_LocalEulerAnglesHint.y
      value: 0
      objectReference: {fileID: 0}
    - target: {fileID: 8074159584325949213, guid: 51879217cae756047ab293fa736febc2, type: 3}
      propertyPath: m_LocalEulerAnglesHint.z
      value: 0
      objectReference: {fileID: 0}
    m_RemovedComponents: []
  m_SourcePrefab: {fileID: 100100000, guid: 51879217cae756047ab293fa736febc2, type: 3}
--- !u!4 &1692983141635884441 stripped
Transform:
  m_CorrespondingSourceObject: {fileID: 8074159584325949213, guid: 51879217cae756047ab293fa736febc2, type: 3}
  m_PrefabInstance: {fileID: 7454445219140784772}
  m_PrefabAsset: {fileID: 0}
