%YAML 1.1
%TAG !u! tag:unity3d.com,2011:
--- !u!1 &4494279531337621609
GameObject:
  m_ObjectHideFlags: 0
  m_CorrespondingSourceObject: {fileID: 0}
  m_PrefabInstance: {fileID: 0}
  m_PrefabAsset: {fileID: 0}
  serializedVersion: 6
  m_Component:
  - component: {fileID: 4494279531337621608}
  - component: {fileID: 7904238213199085021}
  m_Layer: 0
  m_Name: road_end_S
  m_TagString: Untagged
  m_Icon: {fileID: 0}
  m_NavMeshLayer: 0
  m_StaticEditorFlags: 4294967295
  m_IsActive: 1
--- !u!4 &4494279531337621608
Transform:
  m_ObjectHideFlags: 0
  m_CorrespondingSourceObject: {fileID: 0}
  m_PrefabInstance: {fileID: 0}
  m_PrefabAsset: {fileID: 0}
  m_GameObject: {fileID: 4494279531337621609}
  m_LocalRotation: {x: 0, y: 0, z: 0, w: 1}
  m_LocalPosition: {x: 0, y: 0, z: 0}
  m_LocalScale: {x: 1, y: 1, z: 1}
  m_Children:
  - {fileID: 4167054585869504738}
  - {fileID: 1906701278552246272}
  m_Father: {fileID: 0}
  m_RootOrder: 0
  m_LocalEulerAnglesHint: {x: 0, y: 0, z: 0}
--- !u!114 &7904238213199085021
MonoBehaviour:
  m_ObjectHideFlags: 0
  m_CorrespondingSourceObject: {fileID: 0}
  m_PrefabInstance: {fileID: 0}
  m_PrefabAsset: {fileID: 0}
  m_GameObject: {fileID: 4494279531337621609}
  m_Enabled: 1
  m_EditorHideFlags: 0
  m_Script: {fileID: 11500000, guid: 0321beea4511cfd4fa62a3a11041ed4a, type: 3}
  m_Name: 
  m_EditorClassIdentifier: 
  sizeX: 1
  sizeY: 1
  hasPavementUpSide: 1
  hasPavementDownSide: 0
  hasPavementLeftSide: 1
  hasPavementRightSide: 1
  hasPavementUpLeftCorner: 1
  hasPavementUpRightCorner: 1
  hasPavementDownLeftCorner: 1
  hasPavementDownRightCorner: 1
  hasCenterCrossingUpDown: 0
  hasCenterCrossingLeftRight: 0
  hasUpperCrossingLeftRight: 0
  hasBottomCrossingLeftRight: 0
  hasLeftCrossingUpDown: 0
  hasRightCrossingUpDown: 0
--- !u!1001 &3576469731635143535
PrefabInstance:
  m_ObjectHideFlags: 0
  serializedVersion: 2
  m_Modification:
    m_TransformParent: {fileID: 4494279531337621608}
    m_Modifications:
    - target: {fileID: 331415347009248761, guid: 03f99e63a040bd74faf29bb0810cf392, type: 3}
      propertyPath: m_IsActive
      value: 0
      objectReference: {fileID: 0}
    - target: {fileID: 446935676234491337, guid: 03f99e63a040bd74faf29bb0810cf392, type: 3}
      propertyPath: m_LocalPosition.z
      value: 0
      objectReference: {fileID: 0}
    - target: {fileID: 674027313976126897, guid: 03f99e63a040bd74faf29bb0810cf392, type: 3}
      propertyPath: m_LocalPosition.x
      value: 0.1
      objectReference: {fileID: 0}
    - target: {fileID: 674027313976126897, guid: 03f99e63a040bd74faf29bb0810cf392, type: 3}
      propertyPath: m_LocalPosition.z
      value: 0.1
      objectReference: {fileID: 0}
    - target: {fileID: 1177293779918552887, guid: 03f99e63a040bd74faf29bb0810cf392, type: 3}
      propertyPath: m_IsActive
      value: 0
      objectReference: {fileID: 0}
    - target: {fileID: 1392176690052854203, guid: 03f99e63a040bd74faf29bb0810cf392, type: 3}
      propertyPath: m_IsActive
      value: 0
      objectReference: {fileID: 0}
    - target: {fileID: 2920252376394292598, guid: 03f99e63a040bd74faf29bb0810cf392, type: 3}
      propertyPath: paths.Array.size
      value: 1
      objectReference: {fileID: 0}
    - target: {fileID: 2920252376394292598, guid: 03f99e63a040bd74faf29bb0810cf392, type: 3}
      propertyPath: paths.Array.data[0].connectorOut
      value: 
      objectReference: {fileID: 3405868575771156236}
    - target: {fileID: 2920252376394292598, guid: 03f99e63a040bd74faf29bb0810cf392, type: 3}
      propertyPath: paths.Array.data[1].connectorOut
      value: 
      objectReference: {fileID: 8378975392657114783}
    - target: {fileID: 2920252376394292598, guid: 03f99e63a040bd74faf29bb0810cf392, type: 3}
      propertyPath: paths.Array.data[0].positionsSorted.Array.size
      value: 6
      objectReference: {fileID: 0}
    - target: {fileID: 2920252376394292598, guid: 03f99e63a040bd74faf29bb0810cf392, type: 3}
      propertyPath: paths.Array.data[0].positionsSorted.Array.data[0]
      value: 
      objectReference: {fileID: 8486957852709174154}
    - target: {fileID: 2920252376394292598, guid: 03f99e63a040bd74faf29bb0810cf392, type: 3}
      propertyPath: paths.Array.data[0].positionsSorted.Array.data[1]
      value: 
      objectReference: {fileID: 4004256303696004774}
    - target: {fileID: 2920252376394292598, guid: 03f99e63a040bd74faf29bb0810cf392, type: 3}
      propertyPath: paths.Array.data[0].positionsSorted.Array.data[2]
      value: 
      objectReference: {fileID: 4105184996178366174}
    - target: {fileID: 2920252376394292598, guid: 03f99e63a040bd74faf29bb0810cf392, type: 3}
      propertyPath: paths.Array.data[0].positionsSorted.Array.data[3]
      value: 
      objectReference: {fileID: 4924082084300403516}
    - target: {fileID: 2920252376394292598, guid: 03f99e63a040bd74faf29bb0810cf392, type: 3}
      propertyPath: paths.Array.data[0].positionsSorted.Array.data[4]
      value: 
      objectReference: {fileID: 7004401919678031689}
    - target: {fileID: 2920252376394292598, guid: 03f99e63a040bd74faf29bb0810cf392, type: 3}
      propertyPath: paths.Array.data[0].positionsSorted.Array.data[5]
      value: 
      objectReference: {fileID: 8090902443177087894}
    - target: {fileID: 2920252376394292598, guid: 03f99e63a040bd74faf29bb0810cf392, type: 3}
      propertyPath: paths.Array.data[1].positionsSorted.Array.data[2]
      value: 
      objectReference: {fileID: 4105184996178366174}
    - target: {fileID: 2920252376394292598, guid: 03f99e63a040bd74faf29bb0810cf392, type: 3}
      propertyPath: paths.Array.data[1].positionsSorted.Array.data[3]
      value: 
      objectReference: {fileID: 6258519083968153253}
    - target: {fileID: 3159234389308566383, guid: 03f99e63a040bd74faf29bb0810cf392, type: 3}
      propertyPath: m_RootOrder
      value: 1
      objectReference: {fileID: 0}
    - target: {fileID: 3159234389308566383, guid: 03f99e63a040bd74faf29bb0810cf392, type: 3}
      propertyPath: m_LocalPosition.x
      value: 0
      objectReference: {fileID: 0}
    - target: {fileID: 3159234389308566383, guid: 03f99e63a040bd74faf29bb0810cf392, type: 3}
      propertyPath: m_LocalPosition.y
      value: 0
      objectReference: {fileID: 0}
    - target: {fileID: 3159234389308566383, guid: 03f99e63a040bd74faf29bb0810cf392, type: 3}
      propertyPath: m_LocalPosition.z
      value: 0
      objectReference: {fileID: 0}
    - target: {fileID: 3159234389308566383, guid: 03f99e63a040bd74faf29bb0810cf392, type: 3}
      propertyPath: m_LocalRotation.w
      value: 1
      objectReference: {fileID: 0}
    - target: {fileID: 3159234389308566383, guid: 03f99e63a040bd74faf29bb0810cf392, type: 3}
      propertyPath: m_LocalRotation.x
      value: 0
      objectReference: {fileID: 0}
    - target: {fileID: 3159234389308566383, guid: 03f99e63a040bd74faf29bb0810cf392, type: 3}
      propertyPath: m_LocalRotation.y
      value: 0
      objectReference: {fileID: 0}
    - target: {fileID: 3159234389308566383, guid: 03f99e63a040bd74faf29bb0810cf392, type: 3}
      propertyPath: m_LocalRotation.z
      value: 0
      objectReference: {fileID: 0}
    - target: {fileID: 3159234389308566383, guid: 03f99e63a040bd74faf29bb0810cf392, type: 3}
      propertyPath: m_LocalEulerAnglesHint.x
      value: 0
      objectReference: {fileID: 0}
    - target: {fileID: 3159234389308566383, guid: 03f99e63a040bd74faf29bb0810cf392, type: 3}
      propertyPath: m_LocalEulerAnglesHint.y
      value: 0
      objectReference: {fileID: 0}
    - target: {fileID: 3159234389308566383, guid: 03f99e63a040bd74faf29bb0810cf392, type: 3}
      propertyPath: m_LocalEulerAnglesHint.z
      value: 0
      objectReference: {fileID: 0}
    - target: {fileID: 4089117357343951630, guid: 03f99e63a040bd74faf29bb0810cf392, type: 3}
      propertyPath: m_IsActive
      value: 0
      objectReference: {fileID: 0}
    - target: {fileID: 4631120984704868924, guid: 03f99e63a040bd74faf29bb0810cf392, type: 3}
      propertyPath: m_IsActive
      value: 0
      objectReference: {fileID: 0}
    - target: {fileID: 5806985084849718310, guid: 03f99e63a040bd74faf29bb0810cf392, type: 3}
      propertyPath: m_LocalPosition.z
      value: 0
      objectReference: {fileID: 0}
    - target: {fileID: 7333125187508447094, guid: 03f99e63a040bd74faf29bb0810cf392, type: 3}
      propertyPath: m_Name
      value: connectors
      objectReference: {fileID: 0}
    - target: {fileID: 8223837516004047766, guid: 03f99e63a040bd74faf29bb0810cf392, type: 3}
      propertyPath: m_IsActive
      value: 0
      objectReference: {fileID: 0}
    - target: {fileID: 8500534215159025747, guid: 03f99e63a040bd74faf29bb0810cf392, type: 3}
      propertyPath: m_LocalPosition.x
      value: -0.1
      objectReference: {fileID: 0}
    - target: {fileID: 8500534215159025747, guid: 03f99e63a040bd74faf29bb0810cf392, type: 3}
      propertyPath: m_LocalPosition.z
      value: 0.1
      objectReference: {fileID: 0}
    m_RemovedComponents: []
  m_SourcePrefab: {fileID: 100100000, guid: 03f99e63a040bd74faf29bb0810cf392, type: 3}
--- !u!4 &1906701278552246272 stripped
Transform:
  m_CorrespondingSourceObject: {fileID: 3159234389308566383, guid: 03f99e63a040bd74faf29bb0810cf392, type: 3}
  m_PrefabInstance: {fileID: 3576469731635143535}
  m_PrefabAsset: {fileID: 0}
--- !u!4 &8486957852709174154 stripped
Transform:
  m_CorrespondingSourceObject: {fileID: 4928511900867467493, guid: 03f99e63a040bd74faf29bb0810cf392, type: 3}
  m_PrefabInstance: {fileID: 3576469731635143535}
  m_PrefabAsset: {fileID: 0}
--- !u!4 &8090902443177087894 stripped
Transform:
  m_CorrespondingSourceObject: {fileID: 4749754589239423225, guid: 03f99e63a040bd74faf29bb0810cf392, type: 3}
  m_PrefabInstance: {fileID: 3576469731635143535}
  m_PrefabAsset: {fileID: 0}
--- !u!114 &3405868575771156236 stripped
MonoBehaviour:
  m_CorrespondingSourceObject: {fileID: 2226536511418793059, guid: 03f99e63a040bd74faf29bb0810cf392, type: 3}
  m_PrefabInstance: {fileID: 3576469731635143535}
  m_PrefabAsset: {fileID: 0}
  m_GameObject: {fileID: 0}
  m_Enabled: 1
  m_EditorHideFlags: 0
  m_Script: {fileID: 11500000, guid: 48cb1e1d6cfc2154dbe89ee9adeb2240, type: 3}
  m_Name: 
  m_EditorClassIdentifier: 
--- !u!4 &6258519083968153253 stripped
Transform:
  m_CorrespondingSourceObject: {fileID: 7455873796388447690, guid: 03f99e63a040bd74faf29bb0810cf392, type: 3}
  m_PrefabInstance: {fileID: 3576469731635143535}
  m_PrefabAsset: {fileID: 0}
--- !u!114 &8378975392657114783 stripped
MonoBehaviour:
  m_CorrespondingSourceObject: {fileID: 5037898491580229104, guid: 03f99e63a040bd74faf29bb0810cf392, type: 3}
  m_PrefabInstance: {fileID: 3576469731635143535}
  m_PrefabAsset: {fileID: 0}
  m_GameObject: {fileID: 0}
  m_Enabled: 1
  m_EditorHideFlags: 0
  m_Script: {fileID: 11500000, guid: 48cb1e1d6cfc2154dbe89ee9adeb2240, type: 3}
  m_Name: 
  m_EditorClassIdentifier: 
--- !u!4 &4105184996178366174 stripped
Transform:
  m_CorrespondingSourceObject: {fileID: 674027313976126897, guid: 03f99e63a040bd74faf29bb0810cf392, type: 3}
  m_PrefabInstance: {fileID: 3576469731635143535}
  m_PrefabAsset: {fileID: 0}
--- !u!4 &4004256303696004774 stripped
Transform:
  m_CorrespondingSourceObject: {fileID: 446935676234491337, guid: 03f99e63a040bd74faf29bb0810cf392, type: 3}
  m_PrefabInstance: {fileID: 3576469731635143535}
  m_PrefabAsset: {fileID: 0}
--- !u!4 &7004401919678031689 stripped
Transform:
  m_CorrespondingSourceObject: {fileID: 5806985084849718310, guid: 03f99e63a040bd74faf29bb0810cf392, type: 3}
  m_PrefabInstance: {fileID: 3576469731635143535}
  m_PrefabAsset: {fileID: 0}
--- !u!4 &4924082084300403516 stripped
Transform:
  m_CorrespondingSourceObject: {fileID: 8500534215159025747, guid: 03f99e63a040bd74faf29bb0810cf392, type: 3}
  m_PrefabInstance: {fileID: 3576469731635143535}
  m_PrefabAsset: {fileID: 0}
--- !u!1001 &4494279531709298441
PrefabInstance:
  m_ObjectHideFlags: 0
  serializedVersion: 2
  m_Modification:
    m_TransformParent: {fileID: 4494279531337621608}
    m_Modifications:
    - target: {fileID: -8679921383154817045, guid: 9c5258930ada98d4e89191fdd09a46d9, type: 3}
      propertyPath: m_RootOrder
      value: 0
      objectReference: {fileID: 0}
    - target: {fileID: -8679921383154817045, guid: 9c5258930ada98d4e89191fdd09a46d9, type: 3}
      propertyPath: m_LocalPosition.x
      value: 0
      objectReference: {fileID: 0}
    - target: {fileID: -8679921383154817045, guid: 9c5258930ada98d4e89191fdd09a46d9, type: 3}
      propertyPath: m_LocalPosition.y
      value: 0
      objectReference: {fileID: 0}
    - target: {fileID: -8679921383154817045, guid: 9c5258930ada98d4e89191fdd09a46d9, type: 3}
      propertyPath: m_LocalPosition.z
      value: 0
      objectReference: {fileID: 0}
    - target: {fileID: -8679921383154817045, guid: 9c5258930ada98d4e89191fdd09a46d9, type: 3}
      propertyPath: m_LocalRotation.w
      value: 0.70710653
      objectReference: {fileID: 0}
    - target: {fileID: -8679921383154817045, guid: 9c5258930ada98d4e89191fdd09a46d9, type: 3}
      propertyPath: m_LocalRotation.x
      value: -0
      objectReference: {fileID: 0}
    - target: {fileID: -8679921383154817045, guid: 9c5258930ada98d4e89191fdd09a46d9, type: 3}
      propertyPath: m_LocalRotation.y
      value: -0.70710707
      objectReference: {fileID: 0}
    - target: {fileID: -8679921383154817045, guid: 9c5258930ada98d4e89191fdd09a46d9, type: 3}
      propertyPath: m_LocalRotation.z
      value: -0
      objectReference: {fileID: 0}
    - target: {fileID: -8679921383154817045, guid: 9c5258930ada98d4e89191fdd09a46d9, type: 3}
      propertyPath: m_LocalEulerAnglesHint.x
      value: 0
      objectReference: {fileID: 0}
    - target: {fileID: -8679921383154817045, guid: 9c5258930ada98d4e89191fdd09a46d9, type: 3}
      propertyPath: m_LocalEulerAnglesHint.y
      value: -90
      objectReference: {fileID: 0}
    - target: {fileID: -8679921383154817045, guid: 9c5258930ada98d4e89191fdd09a46d9, type: 3}
      propertyPath: m_LocalEulerAnglesHint.z
      value: 0
      objectReference: {fileID: 0}
    - target: {fileID: -7511558181221131132, guid: 9c5258930ada98d4e89191fdd09a46d9, type: 3}
      propertyPath: m_CastShadows
      value: 0
      objectReference: {fileID: 0}
    - target: {fileID: -7511558181221131132, guid: 9c5258930ada98d4e89191fdd09a46d9, type: 3}
      propertyPath: m_Materials.Array.data[0]
      value: 
      objectReference: {fileID: 2100000, guid: 8d1c0d3681c04c841b3d7bef621e35ee, type: 2}
    - target: {fileID: -7511558181221131132, guid: 9c5258930ada98d4e89191fdd09a46d9, type: 3}
      propertyPath: m_Materials.Array.data[1]
      value: 
      objectReference: {fileID: 0}
    - target: {fileID: -7511558181221131132, guid: 9c5258930ada98d4e89191fdd09a46d9, type: 3}
      propertyPath: m_Materials.Array.data[2]
      value: 
      objectReference: {fileID: 0}
    - target: {fileID: -7511558181221131132, guid: 9c5258930ada98d4e89191fdd09a46d9, type: 3}
      propertyPath: m_Materials.Array.data[3]
      value: 
      objectReference: {fileID: 0}
    - target: {fileID: 919132149155446097, guid: 9c5258930ada98d4e89191fdd09a46d9, type: 3}
      propertyPath: m_Name
      value: road_end
      objectReference: {fileID: 0}
    - target: {fileID: 919132149155446097, guid: 9c5258930ada98d4e89191fdd09a46d9, type: 3}
      propertyPath: m_StaticEditorFlags
      value: 4294967295
      objectReference: {fileID: 0}
    m_RemovedComponents: []
  m_SourcePrefab: {fileID: 100100000, guid: 9c5258930ada98d4e89191fdd09a46d9, type: 3}
--- !u!4 &4167054585869504738 stripped
Transform:
  m_CorrespondingSourceObject: {fileID: -8679921383154817045, guid: 9c5258930ada98d4e89191fdd09a46d9, type: 3}
  m_PrefabInstance: {fileID: 4494279531709298441}
  m_PrefabAsset: {fileID: 0}
