%YAML 1.1
%TAG !u! tag:unity3d.com,2011:
--- !u!1 &3479520985948660247
GameObject:
  m_ObjectHideFlags: 0
  m_CorrespondingSourceObject: {fileID: 0}
  m_PrefabInstance: {fileID: 0}
  m_PrefabAsset: {fileID: 0}
  serializedVersion: 6
  m_Component:
  - component: {fileID: 3479520985948660244}
  - component: {fileID: 6301247094464919258}
  m_Layer: 0
  m_Name: road_intersectionpath_SEW
  m_TagString: Untagged
  m_Icon: {fileID: 0}
  m_NavMeshLayer: 0
  m_StaticEditorFlags: 4294967295
  m_IsActive: 1
--- !u!4 &3479520985948660244
Transform:
  m_ObjectHideFlags: 0
  m_CorrespondingSourceObject: {fileID: 0}
  m_PrefabInstance: {fileID: 0}
  m_PrefabAsset: {fileID: 0}
  m_GameObject: {fileID: 3479520985948660247}
  m_LocalRotation: {x: 0, y: 0, z: 0, w: 1}
  m_LocalPosition: {x: 0, y: 0, z: 0}
  m_LocalScale: {x: 1, y: 1, z: 1}
  m_Children:
  - {fileID: 4018060360367028503}
  - {fileID: 5028129055363798068}
  m_Father: {fileID: 0}
  m_RootOrder: 0
  m_LocalEulerAnglesHint: {x: 0, y: 0, z: 0}
--- !u!114 &6301247094464919258
MonoBehaviour:
  m_ObjectHideFlags: 0
  m_CorrespondingSourceObject: {fileID: 0}
  m_PrefabInstance: {fileID: 0}
  m_PrefabAsset: {fileID: 0}
  m_GameObject: {fileID: 3479520985948660247}
  m_Enabled: 1
  m_EditorHideFlags: 0
  m_Script: {fileID: 11500000, guid: 0321beea4511cfd4fa62a3a11041ed4a, type: 3}
  m_Name: 
  m_EditorClassIdentifier: 
  sizeX: 1
  sizeY: 1
  hasPavementUpSide: 1
  hasPavementDownSide: 0
  hasPavementLeftSide: 0
  hasPavementRightSide: 0
  hasPavementUpLeftCorner: 1
  hasPavementUpRightCorner: 1
  hasPavementDownLeftCorner: 1
  hasPavementDownRightCorner: 1
  hasCenterCrossingUpDown: 0
  hasCenterCrossingLeftRight: 0
  hasUpperCrossingLeftRight: 0
  hasBottomCrossingLeftRight: 1
  hasLeftCrossingUpDown: 1
  hasRightCrossingUpDown: 1
--- !u!1001 &3479520985067839228
PrefabInstance:
  m_ObjectHideFlags: 0
  serializedVersion: 2
  m_Modification:
    m_TransformParent: {fileID: 3479520985948660244}
    m_Modifications:
    - target: {fileID: -8679921383154817045, guid: 1a032a88e94d82d458e4e16829917869, type: 3}
      propertyPath: m_RootOrder
      value: 0
      objectReference: {fileID: 0}
    - target: {fileID: -8679921383154817045, guid: 1a032a88e94d82d458e4e16829917869, type: 3}
      propertyPath: m_LocalPosition.x
      value: 0
      objectReference: {fileID: 0}
    - target: {fileID: -8679921383154817045, guid: 1a032a88e94d82d458e4e16829917869, type: 3}
      propertyPath: m_LocalPosition.y
      value: 0
      objectReference: {fileID: 0}
    - target: {fileID: -8679921383154817045, guid: 1a032a88e94d82d458e4e16829917869, type: 3}
      propertyPath: m_LocalPosition.z
      value: 0
      objectReference: {fileID: 0}
    - target: {fileID: -8679921383154817045, guid: 1a032a88e94d82d458e4e16829917869, type: 3}
      propertyPath: m_LocalRotation.w
      value: 0
      objectReference: {fileID: 0}
    - target: {fileID: -8679921383154817045, guid: 1a032a88e94d82d458e4e16829917869, type: 3}
      propertyPath: m_LocalRotation.x
      value: 0
      objectReference: {fileID: 0}
    - target: {fileID: -8679921383154817045, guid: 1a032a88e94d82d458e4e16829917869, type: 3}
      propertyPath: m_LocalRotation.y
      value: 1
      objectReference: {fileID: 0}
    - target: {fileID: -8679921383154817045, guid: 1a032a88e94d82d458e4e16829917869, type: 3}
      propertyPath: m_LocalRotation.z
      value: 0
      objectReference: {fileID: 0}
    - target: {fileID: -8679921383154817045, guid: 1a032a88e94d82d458e4e16829917869, type: 3}
      propertyPath: m_LocalEulerAnglesHint.x
      value: 0
      objectReference: {fileID: 0}
    - target: {fileID: -8679921383154817045, guid: 1a032a88e94d82d458e4e16829917869, type: 3}
      propertyPath: m_LocalEulerAnglesHint.y
      value: 180
      objectReference: {fileID: 0}
    - target: {fileID: -8679921383154817045, guid: 1a032a88e94d82d458e4e16829917869, type: 3}
      propertyPath: m_LocalEulerAnglesHint.z
      value: 0
      objectReference: {fileID: 0}
    - target: {fileID: -7511558181221131132, guid: 1a032a88e94d82d458e4e16829917869, type: 3}
      propertyPath: m_CastShadows
      value: 0
      objectReference: {fileID: 0}
    - target: {fileID: -7511558181221131132, guid: 1a032a88e94d82d458e4e16829917869, type: 3}
      propertyPath: m_Materials.Array.data[0]
      value: 
      objectReference: {fileID: 2100000, guid: 8d1c0d3681c04c841b3d7bef621e35ee, type: 2}
    - target: {fileID: -7511558181221131132, guid: 1a032a88e94d82d458e4e16829917869, type: 3}
      propertyPath: m_Materials.Array.data[1]
      value: 
      objectReference: {fileID: 0}
    - target: {fileID: -7511558181221131132, guid: 1a032a88e94d82d458e4e16829917869, type: 3}
      propertyPath: m_Materials.Array.data[2]
      value: 
      objectReference: {fileID: 0}
    - target: {fileID: -7511558181221131132, guid: 1a032a88e94d82d458e4e16829917869, type: 3}
      propertyPath: m_Materials.Array.data[3]
      value: 
      objectReference: {fileID: 0}
    - target: {fileID: 919132149155446097, guid: 1a032a88e94d82d458e4e16829917869, type: 3}
      propertyPath: m_Name
      value: road_intersectionPath
      objectReference: {fileID: 0}
    - target: {fileID: 919132149155446097, guid: 1a032a88e94d82d458e4e16829917869, type: 3}
      propertyPath: m_StaticEditorFlags
      value: 4294967295
      objectReference: {fileID: 0}
    m_RemovedComponents: []
  m_SourcePrefab: {fileID: 100100000, guid: 1a032a88e94d82d458e4e16829917869, type: 3}
--- !u!4 &4018060360367028503 stripped
Transform:
  m_CorrespondingSourceObject: {fileID: -8679921383154817045, guid: 1a032a88e94d82d458e4e16829917869, type: 3}
  m_PrefabInstance: {fileID: 3479520985067839228}
  m_PrefabAsset: {fileID: 0}
--- !u!1001 &7930938226350030683
PrefabInstance:
  m_ObjectHideFlags: 0
  serializedVersion: 2
  m_Modification:
    m_TransformParent: {fileID: 3479520985948660244}
    m_Modifications:
    - target: {fileID: 1177293779918552887, guid: 03f99e63a040bd74faf29bb0810cf392, type: 3}
      propertyPath: m_IsActive
      value: 0
      objectReference: {fileID: 0}
    - target: {fileID: 2920252376394292598, guid: 03f99e63a040bd74faf29bb0810cf392, type: 3}
      propertyPath: paths.Array.size
      value: 2
      objectReference: {fileID: 0}
    - target: {fileID: 3159234389308566383, guid: 03f99e63a040bd74faf29bb0810cf392, type: 3}
      propertyPath: m_RootOrder
      value: 1
      objectReference: {fileID: 0}
    - target: {fileID: 3159234389308566383, guid: 03f99e63a040bd74faf29bb0810cf392, type: 3}
      propertyPath: m_LocalPosition.x
      value: 0
      objectReference: {fileID: 0}
    - target: {fileID: 3159234389308566383, guid: 03f99e63a040bd74faf29bb0810cf392, type: 3}
      propertyPath: m_LocalPosition.y
      value: 0
      objectReference: {fileID: 0}
    - target: {fileID: 3159234389308566383, guid: 03f99e63a040bd74faf29bb0810cf392, type: 3}
      propertyPath: m_LocalPosition.z
      value: 0
      objectReference: {fileID: 0}
    - target: {fileID: 3159234389308566383, guid: 03f99e63a040bd74faf29bb0810cf392, type: 3}
      propertyPath: m_LocalRotation.w
      value: 1
      objectReference: {fileID: 0}
    - target: {fileID: 3159234389308566383, guid: 03f99e63a040bd74faf29bb0810cf392, type: 3}
      propertyPath: m_LocalRotation.x
      value: 0
      objectReference: {fileID: 0}
    - target: {fileID: 3159234389308566383, guid: 03f99e63a040bd74faf29bb0810cf392, type: 3}
      propertyPath: m_LocalRotation.y
      value: 0
      objectReference: {fileID: 0}
    - target: {fileID: 3159234389308566383, guid: 03f99e63a040bd74faf29bb0810cf392, type: 3}
      propertyPath: m_LocalRotation.z
      value: 0
      objectReference: {fileID: 0}
    - target: {fileID: 3159234389308566383, guid: 03f99e63a040bd74faf29bb0810cf392, type: 3}
      propertyPath: m_LocalEulerAnglesHint.x
      value: 0
      objectReference: {fileID: 0}
    - target: {fileID: 3159234389308566383, guid: 03f99e63a040bd74faf29bb0810cf392, type: 3}
      propertyPath: m_LocalEulerAnglesHint.y
      value: 0
      objectReference: {fileID: 0}
    - target: {fileID: 3159234389308566383, guid: 03f99e63a040bd74faf29bb0810cf392, type: 3}
      propertyPath: m_LocalEulerAnglesHint.z
      value: 0
      objectReference: {fileID: 0}
    - target: {fileID: 4089117357343951630, guid: 03f99e63a040bd74faf29bb0810cf392, type: 3}
      propertyPath: m_IsActive
      value: 0
      objectReference: {fileID: 0}
    - target: {fileID: 4468135447344894267, guid: 03f99e63a040bd74faf29bb0810cf392, type: 3}
      propertyPath: paths.Array.size
      value: 2
      objectReference: {fileID: 0}
    - target: {fileID: 5457943997583652784, guid: 03f99e63a040bd74faf29bb0810cf392, type: 3}
      propertyPath: paths.Array.size
      value: 2
      objectReference: {fileID: 0}
    - target: {fileID: 7333125187508447094, guid: 03f99e63a040bd74faf29bb0810cf392, type: 3}
      propertyPath: m_Name
      value: connectors
      objectReference: {fileID: 0}
    m_RemovedComponents: []
  m_SourcePrefab: {fileID: 100100000, guid: 03f99e63a040bd74faf29bb0810cf392, type: 3}
--- !u!4 &5028129055363798068 stripped
Transform:
  m_CorrespondingSourceObject: {fileID: 3159234389308566383, guid: 03f99e63a040bd74faf29bb0810cf392, type: 3}
  m_PrefabInstance: {fileID: 7930938226350030683}
  m_PrefabAsset: {fileID: 0}
